<?xml version="1.0" encoding="UTF-8" ?>
<collection xmlns:xsi="http://www.w3.org/2001/XMLSchema-instance"
    xsi:schemaLocation="http://www.loc.gov/MARC21/slim
        http://www.loc.gov/standards/marcxml/schema/MARC21slim.xsd"
    xmlns="http://www.loc.gov/MARC21/slim">
<record>
  <leader>00197cam a2200349 i 4500</leader>
  <controlfield tag="001">b12830641</controlfield>
  <controlfield tag="003">LeBAU</controlfield>
  <controlfield tag="005">20170522</controlfield>
  <controlfield tag="008">980311s1925    ua            ||0 0 ara d</controlfield>
  <datafield tag="035" ind1=" " ind2=" ">
    <subfield code="a">ocn784519574</subfield>
  </datafield>
  <datafield tag="040" ind1=" " ind2=" ">
    <subfield code="a">LEAUB</subfield>
    <subfield code="b">ara</subfield>
    <subfield code="e">rda</subfield>
    <subfield code="c">LEAUB</subfield>
    <subfield code="d">LEAUB</subfield>
  </datafield>
  <datafield tag="082" ind1="0" ind2="4">
    <subfield code="a">297.122</subfield>
    <subfield code="2">22</subfield>
  </datafield>
  <datafield tag="130" ind1="0" ind2=" ">
    <subfield code="6">880-01</subfield>
    <subfield code="a">Qur’ān.</subfield>
    <subfield code="f">1925.</subfield>
  </datafield>
  <datafield tag="245" ind1="1" ind2="0">
    <subfield code="6">880-02</subfield>
    <subfield code="a">[al-Qur’ān al-karīm] /</subfield>
    <subfield code="c">qāma bi-taṣḥīḥ hādhā al-Muṣḥaf al-sharīf wa-murāja‘atihi ‘alá ummahāt kutub al-rasm wa-al-ḍabṭ wa-al-qirā’āt murāja‘ah daqīqah al-Ustādh al-Shaykh Muḥammad ibn ‘Alī ibn Khalaf al-Ḥusaynī.</subfield>
  </datafield>
  <datafield tag="264" ind1=" " ind2="1">
    <subfield code="6">880-03</subfield>
    <subfield code="a">Būlāq, [Miṣr] :</subfield>
    <subfield code="b">al-Maṭba‘ah al-Amīrīyah,</subfield>
    <subfield code="c">1344 H. = 1925 M.</subfield>
  </datafield>
  <datafield tag="300" ind1=" " ind2=" ">
    <subfield code="6">880-04</subfield>
    <subfield code="a">827, d-t pages ;</subfield>
    <subfield code="c">21 cm</subfield>
  </datafield>
  <datafield tag="336" ind1=" " ind2=" ">
    <subfield code="a">text</subfield>
    <subfield code="b">txt</subfield>
    <subfield code="2">rdacontent</subfield>
  </datafield>
  <datafield tag="337" ind1=" " ind2=" ">
    <subfield code="a">unmediated</subfield>
    <subfield code="b">n</subfield>
    <subfield code="2">rdamedia</subfield>
  </datafield>
  <datafield tag="338" ind1=" " ind2=" ">
    <subfield code="a">volume</subfield>
    <subfield code="b">nc</subfield>
    <subfield code="2">rdacarrier</subfield>
  </datafield>
  <datafield tag="630" ind1="0" ind2="4">
    <subfield code="a">قرآن.</subfield>
  </datafield>
  <datafield tag="630" ind1="0" ind2="0">
    <subfield code="a">Qur’an.</subfield>
  </datafield>
  <datafield tag="700" ind1="1" ind2=" ">
    <subfield code="6">880-05</subfield>
    <subfield code="a">Ḥusaynī, Muḥammad ibn ʻAlī ibn Khalaf,</subfield>
    <subfield code="e">annotator.</subfield>
  </datafield>
  <datafield tag="852" ind1=" " ind2=" ">
    <subfield code="a">Jafet Archives and Special Collections</subfield>
    <subfield code="e">American University of Beirut, Bliss Street, Beirut, ‎Lebanon.‎</subfield>
  </datafield>
  <datafield tag="880" ind1="0" ind2=" ">
    <subfield code="6">130-01/(3/r</subfield>
    <subfield code="a">قرآن.</subfield>
    <subfield code="f">1925.</subfield>
  </datafield>
  <datafield tag="880" ind1="1" ind2="4">
    <subfield code="6">245-02/(3/r</subfield>
    <subfield code="a">[القرآن الكريم] /</subfield>
    <subfield code="c">قام بتصحيح هذا المصحف الشريف ومراجعته على أمهات كتب الرسم والضبط والقراءات مراجعة دقيقة الأستاذ الشيخ محمد بن علي بن خلف الحسيني.</subfield>
  </datafield>
  <datafield tag="880" ind1=" " ind2="1">
    <subfield code="6">264-03/(3/r</subfield>
    <subfield code="a">بولاق، [مصر] :</subfield>
    <subfield code="b">المطبعة الأميرية،</subfield>
    <subfield code="c">1344 هـ. = 1925 م.</subfield>
  </datafield>
  <datafield tag="880" ind1=" " ind2=" ">
    <subfield code="6">300-04/(3/r</subfield>
    <subfield code="a">827، د-ت ؛</subfield>
    <subfield code="c">21 سم</subfield>
  </datafield>
  <datafield tag="880" ind1="1" ind2=" ">
    <subfield code="6">700-05/(3/r</subfield>
    <subfield code="a">الحسيني، محمد بن علي بن خلف،</subfield>
    <subfield code="e">محقق. </subfield>
    <subfield code="4">ann.</subfield>
  </datafield>
  <datafield tag="907" ind1=" " ind2=" ">
    <subfield code="a">.b12830641</subfield>
    <subfield code="b">17-05-26</subfield>
    <subfield code="c">11-05-24</subfield>
  </datafield>
  <datafield tag="907" ind1=" " ind2=" ">
    <subfield code="a">.b12830641</subfield>
    <subfield code="b">15-10-15</subfield>
    <subfield code="c">11-05-24</subfield>
  </datafield>
  <datafield tag="945" ind1=" " ind2=" ">
    <subfield code="f">CA</subfield>
    <subfield code="a">297.122:K84qA:c.1</subfield>
    <subfield code="i">01001211</subfield>
    <subfield code="j">.i13426898</subfield>
    <subfield code="l">u0304</subfield>
  </datafield>
  <datafield tag="998" ind1=" " ind2=" ">
    <subfield code="a">u03</subfield>
    <subfield code="b">98-03-11</subfield>
    <subfield code="c">m</subfield>
    <subfield code="d">a</subfield>
    <subfield code="e">-</subfield>
    <subfield code="f">ara</subfield>
    <subfield code="g">ua </subfield>
    <subfield code="h">0</subfield>
    <subfield code="i">1</subfield>
  </datafield>
</record>
</collection>
